@article{ArinkinBezrukavnikov:2010:PerverseCoherentSheaves,
    AUTHOR = {Arinkin, Dmitry and Bezrukavnikov, Roman},
     TITLE = {Perverse coherent sheaves},
shortJOURNAL = {Mosc. Math. J.},
   JOURNAL = {Moscow Mathematical Journal},
    VOLUME = {10},
      YEAR = {2010},
    NUMBER = {1},
     PAGES = {3--29, 271},
      ISSN = {1609-3321},
   MRCLASS = {14F05 (14A20 14D23 18E30 18F20)},
  MRNUMBER = {2668828 (2011g:14040)},
MRREVIEWER = {Antony Maciocia},
}

@article{Beauville:2000:SymplecticSingularities,
	author = {Arnaud Beauville},
	title = {Symplectic singularities},
	journal = {Inventiones mathematicae},
	volume = {139},
	year = {2000},
	number = {3},
	pages = {541-549},
	doi = {10.1007/s002229900043},
}
@article{Bezrukavnikov:arXiv:PerverseCoherentSheaves,
   author = {{Bezrukavnikov}, Roman},
    title = "{Perverse coherent sheaves (after Deligne)}",
  journal = {ArXiv e-prints},
archivePrefix = "arXiv",
   eprint = {math/0005152},
 keywords = {Mathematics - Algebraic Geometry, Mathematics - Geometric Topology, Mathematics - Representation Theory},
     year = 2000,
    month = may,
}
@book{BrodmannSharp:1998:LocalCohomology,
    AUTHOR = {Brodmann, M. P. and Sharp, R. Y.},
     TITLE = {Local cohomology: an algebraic introduction with geometric
              applications},
    SERIES = {Cambridge Studies in Advanced Mathematics},
    number = {60},
 PUBLISHER = {Cambridge University Press},
   ADDRESS = {Cambridge},
      YEAR = {1998},
totoalPAGES = {xvi+416},
      ISBN = {0-521-37286-0},
   MRCLASS = {13D45 (14B15)},
  MRNUMBER = {1613627 (99h:13020)},
MRREVIEWER = {L{\^e} Tu{\^a}n Hoa},
       DOI = {10.1017/CBO9780511629204},
}
@book{Hartshorne:1966:ResiduesAndDuality,
    AUTHOR = {Hartshorne, Robin},
     TITLE = {Residues and Duality},
    SERIES = {Lecture Notes in Mathematics},
    NUMBER = {20},
 PUBLISHER = {Springer-Verlag},
   ADDRESS = {Berlin},
      YEAR = {1966},
pagetotal = {vii+423},
}
@article{Kashiwara:2004:tStructureOnHolonomicDModuleCoherentOModules,
	Author = {Masaki Kashiwara},
 	 Title = {$t$-structures on the derived categories of holonomic $\sheaf{D}$-modules and coherent $\sheaf{O}$-modules},
   JOURNAL = {Moscow Mathematical Journal},
    VOLUME = {4},
      YEAR = {2004},
    NUMBER = {4},
     PAGES = {847-868},
}
@book{KashiwaraSchapira:1994:SheavesOnManifolds,
    AUTHOR = {Kashiwara, Masaki and Schapira, Pierre},
     TITLE = {Sheaves on manifolds},
    SERIES = {Grundlehren der Mathematischen Wissenschaften},
    NUMBER = {292},
      NOTE = {With a chapter in French by Christian Houzel,
              Corrected reprint of the 1990 original},
 PUBLISHER = {Springer-Verlag},
   ADDRESS = {Berlin},
      YEAR = {1994},
pagetotal = {x+512},
      ISBN = {3-540-51861-4},
   MRCLASS = {58G07 (18F20 32C38 35A27)},
  MRNUMBER = {1299726 (95g:58222)},
}
@article{MirkovicVilonen:2007:GLdualityRepresentations,
    AUTHOR = {Mirkovi{\'c}, I. and Vilonen, K.},
     TITLE = {Geometric {L}anglands duality and representations of algebraic
              groups over commutative rings},
shortJOURNAL = {Ann. of Math.},
   JOURNAL = {Annals of Mathematics},
    series = {2},
    VOLUME = {166},
      YEAR = {2007},
    NUMBER = {1},
     PAGES = {95-143},
      ISSN = {0003-486X},
     CODEN = {ANMAAH},
   MRCLASS = {22E55 (11R39 20G05)},
  MRNUMBER = {2342692 (2008m:22027)},
MRREVIEWER = {Peter Fiebig},
       DOI = {10.4007/annals.2007.166.95},
}
@book{SGA2,
 shorthand = {SGA2},
    author = {Grothendieck, Alexander and Raynaud, Michele},
     title = {Cohomologie locale des faisceaux cohérents et théorèmes de {L}efschetz locaux et globaux ({SGA} 2)},
    SERIES = {Documents Mathématiques (Paris)},
    number = {4},
 PUBLISHER = {Soci\'et\'e Math\'ematique de France},
   ADDRESS = {Paris},
      NOTE = {S{\'e}minaire de G{\'e}om{\'e}trie Alg{\'e}brique du Bois Marie, 1962.
              Augment{\'e} d'un expos{\'e} de Mich{\`e}le Raynaud.
              Revised reprint of the 1968 French original},
	editor = {Yves Laszlo},
      year = {2005},
  origyear = {1968},
archivePrefix = {arXiv},
    eprint = {math/0511279},
pagetotal = {x+208},
      ISBN = {2-85629-169-4},
   MRCLASS = {14B15 (14C20 14F20)},
  MRNUMBER = {2171939 (2006f:14004)},
}

@book{SGA2-orig,
    AUTHOR = {Grothendieck, Alexander},
     TITLE = {Cohomologie locale des faisceaux coh\'erents et th\'eor\`emes
              de {L}efschetz locaux et globaux ({SGA} 2)},
      NOTE = {Augment{\'e} d'un expos{\'e} par Mich{\`e}le Raynaud,
              S{\'e}minaire de G{\'e}om{\'e}trie Alg{\'e}brique du
              Bois-Marie, 1962,
              Advanced Studies in Pure Mathematics, Vol. 2},
 PUBLISHER = {North-Holland Publishing Co.},
   ADDRESS = {Amsterdam},
      YEAR = {1968},
pagetotal = {vii+287},
   MRCLASS = {14B15 (14C20 14F20)},
  MRNUMBER = {0476737 (57 \#16294)},
}

@online{MO:VanishingShriekRestrictionConstructible,
        title={Vanishing of !-restriction of constructible sheaves},
        author={Geordie Williamson},
        date={2013-04-30},
        url={http://mathoverflow.net/a/129244},
        organization={MathOverflow},
        urldate={2013-11-20},
}

